% bib-file for the masterthesis
%
%paper
%
@article{Drude,
	author = {P. Drude},
	title = {Zur Elektronentheorie der Metalle},
	journal = {Annalen der Physik},
	year = {1900},
	volume = {306},
	number = {3},
	pages = {566-613},
	doi = {10.1002/andp.19003060312}
}
%
@article{Kondo,
author = {J. Kondo},
title = {Resistance Minimum in Dilute Magnetic Alloys},
journal = {Progress of Theoretical Physics},
volume = {32},
number = {1},
pages = {37-49},
year = {1964},
doi = {10.1143/PTP.32.37},
%URL = {http://dx.doi.org/10.1143/PTP.32.37},
%eprint = {/oup/backfile/content_public/journal/ptp/32/1/10.1143/ptp.32.37/2/32-1-37.pdf}
}
%
@article{Altshuler,
  title = {Magnetoresistance and Hall effect in a disordered two-dimensional electron gas},
  author = {B. L. Altshuler and D. Khmel'nitzkii and A. I. Larkin and P. A. Lee},
  journal = {Phys. Rev. B},
  volume = {22},
  issue = {11},
  pages = {5142--5153},
  year = {1980},
  doi = {10.1103/PhysRevB.22.5142}
}
%
@ARTICLE{Kouwenhoven&Glazman,
   author = {L. Kouwenhoven and L. Glazman},
    title = {Revival of the Kondo effect},
  journal = {Physics World},
  volume={14},
  number={1},
  pages={33},
  year={2001}
}
%
@article{Abrahams&Schmalian&Woelfle,
  title = {Strong-coupling theory of heavy-fermion criticality},
  author = {E. Abrahams and J. Schmalian and P. W\"olfle},
  journal = {Phys. Rev. B},
  volume = {90},
  issue = {4},
  pages = {045105},
  numpages = {9},
  year = {2014},
  doi = {10.1103/PhysRevB.90.045105}
}
%
@article{Berne&Boob&Rice,
author = {B. J. Berne and J. P. Boon  and S. A. Rice},
title = {On the Calculation of Autocorrelation Functions of Dynamical Variables},
journal = {The Journal of Chemical Physics},
volume = {45},
number = {4},
pages = {1086-1096},
year = {1966},
doi = {10.1063/1.1727719}
}
%
@article{Noether1,
	author = {E. Noether},
	title = {Invariante Variationsproibleme},
	journal = {Nachrichten von der Gesellschaft der Wissenschaften zu Göttingen, Mathematisch-Physikalische Klasse},
	year = {1918},
	pages = {235-257},
}
%
@article{Noether2,
	author = {E. Noether},
	title = {Invariant variational problems},
	year = {2005},
	doi = {10.1080/00411457108231446},
}
%
@article{Zwanzig,
	author 				= {Zwanzig},
	title 				= {Ensemble Method in the Theory of Irreversibility},
	journal 			= {The Journal of Chemical Physics},
	year 					= {1960},
	volume 				= {33},
	number 				= {5},
	pages 				= {1338-1341},
	doi 					= {10.1063/1.1731409},
}
%
@article{Mori,
	author = {H. Mori},
	title = {Transport, Collective Motion, and Brownian Motion},
	journal = {Progress of Theoretical Physics},
	year = {1965},
	volume = {33},
	number = {3},
	pages = {423-455},
	doi = {10.1143/PTP.33.423},
}
%
@article{Harp&Berne,
	author = {G. D. Harp and B. J. Berne},
	title = {Time-Correlation Functions, Memory Functions, and Molecular Dynamics},
	journal = {Physical Review A},
	year = {1970},
	volume = {2},
	number = {3},
	pages = {975-996},
	doi = {10.1103/PhysRevA.2.975},
}
%
@article{Abanov&Chubukov&Schmalian,
	author 				= {A. Abanov and A. V. Chubukov and J. Schmalian},
	title 				= {Quantum-Critical Theory of the Spin-Fermion Model and its Application to Cuprates: Normal State Analysis},
	journal 	= {Advances in Physics},
	year 					= {2003},
	volume 		= {52},
	number 		= {3},
	pages 		= {119-218},
	doi 			= {10.1080/0001873021000057123},
}
%
@article{Patel&Sachdev,
  title = {DC Resistivity at the Onset of Spin Density Wave Order in Two-Dimensional Metals},
  author = {A. A. Patel and S. Sachdev},
  journal = {Phys. Rev. B},
  volume = {90},
  issue = {16},
  pages = {165146},
  year = {2014},
  doi = {10.1103/PhysRevB.90.165146}
}
%
@article{Iliev,
  title = {On the Action Principle in Quantum Field Theory},
  author = {B. Z. Iliev},
  journal = {ArXiv High Energy Physics - Theory e-prints},
  year = {2002},
  doi = {10.1103/PhysRevB.90.165146}
}
%
@article{Bader,
 author = {W. G. Baber},
 journal = {Proceedings of the Royal Society of London. Series A, Mathematical and Physical Sciences},
 number = {894},
 pages = {383--396},
 title = {The Contribution to the Electrical Resistance of Metals from Collisions between Electrons},
 volume = {158},
 year = {1937}
}
%
@article{Loehneysen,
  title = {Fermi-liquid instabilities at magnetic quantum phase transitions},
  author = {H. v. L\"ohneysen and A. Rosch and M. Vojta and P. W\"olfle},
  journal = {Rev. Mod. Phys.},
  volume = {79},
  issue = {3},
  pages = {1015--1075},
  year = {2007},
  doi = {10.1103/RevModPhys.79.1015}
}
%
@article{Pal,
   author = {H. K. Pal and V. I. Yudson and D. L. Maslov},
    title = "{Resistivity of non-Galilean-invariant Fermi- and non-Fermi liquids}",
  journal = {Lithuanian Journal of Physics and Technical Sciences},
     year = 2012,
   volume = 52,
    pages = {142-164},
      doi = {10.3952/lithjphys.52207}
}
% books
@book{Forster,
	author 				= {D. Forster},
	title 				= {Hydrodynamic, Fluctuations, Broken Symmetry, and Correlation Functions},
	year 					= {1990},
	publisher	= {Perseus Books},
}
%
@book{Schwabl,
	author = {F. Schwabl},
	title = {Advanced Quantum Mechanics},
	year = {2008},
	edition = {4. ed.},
	publisher = {Springer}
}
%
@book{Schwabl2,
	author				= {F. Schwabl},
	title					= {Statistische Mechanik},
	year					= {2006},
	edition 			= {3., aktualisierte Aufl.},
	publisher	= {Springer}
}
%
@book{Chycholl2,
	author				= {G. Czycholl},
	title			= {Theoretische Festkörperphysik Band 2 : Anwendungen: Nichtgleichgewicht, Verhalten in äußeren Feldern, kollektive Phänomene},
	year					= {2017},
	edition 			= {4. Aufl. 2017},
	publisher	= {SpringerLink : Bücher}
}
%
@book{Elk&Gasser,
	author				= {K. Elk and W. Gasser},
	title			= {Die Methode der Greenschen Funktionen in der Festkörperphysik},
	year					= {1979},
	publisher	= {Akademie-Verl.}
}
%
@book{Audretsch,
	author = {J. Audretsch,},
	title = {Verschränkte Systeme: die Quantenphysik auf neuen Wegen},
	year = {2005},
	publisher = {Wiley-VCH},
}
%
@book{Bruus&Flensberg,
author = {H. Bruus and K. Flensberg},
title = {Many-body quantum theory in condensed matter physics: an introduction},
publisher = {Oxford Univ. Press},
year = {2010},
edition = {Repr.}
}
%
@book{Nolting,
author = {W. Nolting},
title = {Fundamentals of many-body physics : principles and methods},
publisher = {Springer},
year = {2009}
}
%
@book{Gross&Marx,
author = {R. Gross and A. Marx},
title = {Festkörperphysik},
publisher = {De Gruyter Oldenbourg},
year = {2014},
edition = {2., aktualisierte Aufl.}
}
%
@book{SachdevQCP,
author = {S. Sachdev},
title = {Quantum phase transitions},
publisher = {Cambridge Univ. Press},
year = {2011},
edition = {2. ed., 1. publ.}
}
%
@book{Bronstein,
title = {Taschenbuch der Mathematik},
series = {Edition Harri Deutsch},
author = {I. N. Bronštejn},
publisher = {Verlag Europa-Lehrmittel Nourney, Vollmer GmbH \& Co. KG},
year = {[2016]},
edition = {10., überarbeitete Auflage}
}
%
% dissertations
%
@thesis{Jung,
	author			= {P. Jung},
	title 			= {Transport and Approximate Conservation Laws in Low Dimensional Systems},
	type 				= {dissertation},
	institution = {Universit\"at zu K\"on},
	year 				= {2007}
}
%
@thesis{Weiss,
	author			= {P. Weiß},
	title 			= {Interference of quantum critical excitations and soft diffusive modes in a disordered antiferromagnetic metal},
	type 				= {masterthesis},
	institution = {Karlsruhe institut of technology (KIT)},
	year 				= {2015}
}
%
